@book{nielson,
  title={{ Semantics with Applications: An Appetizer}},
  author={ Nielson, H  and  Nielson, F},
  url={},
  year={2007},
  address = {Denmark}
}

@book{adrian,
  title={{ Programming Languages and Logics, Axiomatic Semantics}},
  author={Sampson, A.},
  url={http://www.cs.cornell.edu/courses/cs4110/2012fa/lectures/lecture10.pdf},
  year={2012},
  address = {United States of America, New York}
}

@book{kuncak,
  title={{Modularni interpreteri u Haskell-u}},
  author={Kunčak, V.},
  url={http://lara.epfl.ch/~kuncak/papers/Kuncak00ModularInterpretersHaskell.pdf},
  year={2000},
  address = {Novi Sad}
}


@book{slonneger1995book,
  title={{Formal Syntax and Semantics of Programming Languages}},
  author={Slonneger, K. and Kurtz, B.},
  isbn={0-201-65697-3},
  url={},
  year={1995},
  publisher={Addison-Wesley Publishing Company},
  address = {United States of America}
}

@book{milena,
  title={{Dizajn programskih jezika, Osnovna svojstva programskih jezika}},
  author={Vujošević Janičić, M.},
  url={http://ns2.matf.bg.ac.rs/~milena/dpj/14/dpj_14.pdf},
  year={2016},
  address = {Beograd}
}

@misc{gcc,
title = {{GNU gcc}},
note = {on-line at: \url{http://gcc.gnu.org/}},
    author = {Free Software Foundation},
    year = {2013}
}


@article{haltingproblem,
    author = {Turing, A. M.},
    citeulike-article-id = {155758},
    journal = {Proceedings of the London Mathematical Society},
    keywords = {computability, entscheidungsproblem, turing},
    number = {42},
    pages = {230--265},
    posted-at = {2005-04-08 18:11:59},
    priority = {0},
    title = {{On Computable Numbers, with an application to the Entscheidungsproblem}},
    volume = {2},
    year = {1936}
}

